1692 3107
120 196 138 244 4
211 179 654 250 -nrssrtnrnrrro⁴

128 302 188 351 locus
198 297 351 362 explicarinon
364 294 446 359 potest,
468 294 506 345 nist
521 306 584 345 antea
600 295 734 356 ostendatur,

129 368 179 433 quid
197 368 223 415 stt
240 362 289 414 illud
308 347 378 425 ὼγ,
401 362 458 437 quud
476 363 536 412 Dens
553 360 633 411 dieitur
648 364 738 424 cordibus

130 435 227 482 ltrrtirtnrn
246 427 367 494 iaprafflſja:
395 446 430 478 eur
453 428 541 480 addatur
564 427 671 492 postrenta
691 445 738 492 pars

129 504 181 562 Cap.
195 499 249 548 Vll.
264 499 324 560 cujus
334 497 479 560 interpretatio
489 497 529 545 rite
539 495 586 547 fieri
598 512 640 545 non
651 495 737 560 potest,

129 566 168 613 nist
186 565 269 624 'constet
283 564 310 609 de
320 562 474 625 significatione
490 563 552 611 vocis
563 568 648 633 mdia:
667 570 739 626 quarn·

128 631 162 678 vis
175 628 230 679 haud
243 627 348 690 diffitear,
364 627 422 675 illurn
431 627 501 677 locunt
512 627 607 692 inprnnis
620 626 683 675 etiarn
698 628 736 673 ub·

128 697 213 746 seurunr
223 694 264 744 else
273 693 301 741 ob
311 705 437 742 contextum
446 692 607 757 impeditiorem.
622 691 685 742 Cous.
696 706 741 740 vor

130 769 188 876 ἔρῃ
200 761 221 873 irlr
235 759 307 807 eadern
324 761 375 821 Cap.
392 759 442 808 Xil.
458 772 529 821 parte:
547 767 580 836 pp
593 761 615 807 in
629 759 682 822 Cap.
697 758 742 808 IV.

169 825 245 874 simila.
566 837 568 840 ’

134 950 136 952 ¹
162 893 209 957 Janr
218 904 271 939 uero
284 903 312 938 err
327 887 359 937 his
369 885 527 938 difficultatibus
538 888 653 940 derivanda
662 888 741 939 sortas-

132 957 204 1019 sravell
218 957 285 1019 rnajor
298 954 377 1017 integri
398 967 469 1015 terrens
490 955 619 1018 depravatio.
652 955 744 1022 Librarii

132 1023 204 1082 enirn,
232 1038 280 1070 eum
303 1018 424 1068 obscuriora
443 1020 516 1083 passini
540 1021 610 1083 omnia
632 1021 743 1080 viderent,

132 1102 236 1151 corrupta
252 1086 307 1143 rati,
328 1103 375 1148 quae
389 1084 428 1149 ipsi
442 1102 486 1135 non
501 1087 660 1146 intelligerent,
680 1086 742 1134 facile

132 1166 251 1222 potuerunt
267 1151 354 1211 adduci,
378 1164 400 1200 ut
417 1166 463 1215 quae
480 1152 528 1201 sana
550 1152 616 1211 essent
633 1167 697 1217 arque
712 1152 745 1201 in·

134 1235 195 1286 tegra
216 1221 274 1269 inter
294 1218 426 1267 scribendum
449 1218 496 1268 data
513 1234 577 1283 opera
603 1219 745 1270 immutarent.
784 1243 786 1246 r

133 1291 200 1351 Certe
211 1285 345 1350 reperiuntur
360 1285 382 1350 in
395 1285 518 1333 Ecclesiaste
536 1287 635 1334 nonnulla
650 1285 745 1334 scriben-

132 1355 161 1403 tis
173 1353 238 1413 uitia,
249 1367 296 1416 qua
306 1350 343 1399 vir
353 1366 379 1400 er
390 1349 435 1399 aliis
445 1350 561 1400 rationibus
572 1351 671 1416 erplicari
682 1352 746 1416 sepa·

133 1421 224 1469 aluntur.
235 1419 288 1467 Vid.
301 1419 350 1478 Cap.
362 1418 396 1465 II:
409 1431 441 1466 ra.
458 1418 493 1467 V:
509 1433 530 1477 5.
544 1420 576 1468 X:
592 1434 612 1481 3.
623 1417 647 1466 dt
656 1417 700 1466 alia.

164 1484 263 1547 Denique
277 1480 342 1532 nurlta
354 1482 402 1542 sunt
416 1481 439 1529 in
457 1482 499 1530 lroc
512 1484 566 1532 libro
583 1484 684 1533 collocata
697 1485 746 1532 luco

135 1551 211 1602 alienu.
229 1547 293 1610 Cujus
305 1546 389 1609 quidem
402 1547 434 1594 rei
448 1548 509 1608 culpa
525 1551 671 1599 eolledtoribns
684 1550 749 1612 scrip-

136 1632 208 1666 ·torurn
221 1615 395 1661 Sialorneneorunr
404 1610 513 1660 tribuenda
528 1612 573 1670 est,
588 1615 636 1677 qni,
649 1629 673 1662 ut
690 1617 713 1662 in
726 1615 751 1663 n

137 1687 178 1733 bro
189 1677 365 1736 Proverbiornnr,
382 1675 443 1725 sicin
458 1678 582 1725 Ecclesiaste
598 1695 672 1742 parunt
688 1695 750 1727 aecn-

69 1770 70 1774 ’
137 1761 185 1798 rate
199 1743 365 1810 perspicientes,
381 1741 430 1806 qnid
442 1743 517 1805 cuique
533 1744 581 1792 loeo
598 1758 670 1809 aptnrn
685 1743 750 1802 esset,

138 1814 205 1864 inulta
215 1811 252 1860 sno
264 1809 339 1857 ordine
351 1810 474 1868 turbarunt,
489 1822 524 1857 ant
545 1811 628 1859 turbata
648 1810 685 1859 sun
702 1810 751 1859 loeo

139 1893 185 1930 non
195 1877 345 1935 restituerunt,
363 1875 418 1923 unde
432 1876 551 1939 cumplures
564 1875 610 1938 sunt
625 1877 685 1939 liujus
699 1892 753 1942 ope-

139 1948 169 1997 ris
184 1945 276 1998 laciniae,
296 1957 343 2007 qua
358 1940 410 1989 nrilri
427 1942 511 2005 quidern
531 1942 631 1991 videntur
647 1944 668 1992 in
691 1944 753 1994 aliana

140 2012 189 2063 libri
204 2024 286 2075 partein
305 2006 414 2055 transferri
432 2008 516 2056 debere.
548 2010 600 2057 salue
618 2024 671 2056 uero
693 2025 754 2074 argn-

143 2089 239 2126 mentum
259 2090 305 2123 cunr
323 2073 418 2136 judicatu
434 2072 461 2121 fit
478 2073 617 2124 difficilimum
637 2074 661 2124 ἃ
679 2076 755 2139 nrtrlto

143 2159 192 2190 rutn
207 2139 362 2203 reprehensioni
376 2139 507 2200 obnoxium,
523 2142 543 2188 iu
560 2142 619 2203 aliani
638 2141 700 2203 lrnjus
714 2141 756 2189 dss-

145 2205 265 2257 sertationis
277 2218 357 2269 partein
366 2204 441 2268 rejicio
453 2239 461 2263 ‚
477 2205 498 2251 in
508 2222 549 2270 qna
558 2220 636 2271 praeter
651 2206 755 2270 generalia

145 2274 242 2339 quadani
260 2271 286 2319 de
301 2271 337 2319 usu
353 2272 402 2319 artis
424 2270 521 2330 Critiae,
539 2274 637 2321 nonnulla
650 2273 713 2327 etiarn
729 2270 757 2323 de
776 2332 778 2336 Α

145 2353 209 2400 >textu
224 2340 286 2403 lrnjns
299 2338 326 2386 tit
339 2336 346 2384 i
358 2336 465 2396 speciatim
477 2350 568 2385 tractare
579 2338 696 2389 consenui„

144 2448 146 2454 i
179 2409 203 2453 lu
215 2405 247 2452 lris
258 2417 328 2452 aunem
339 2402 495 2452 difficultatibus
512 2416 620 2467 uteunque
635 2404 758 2467 superandis
773 2434 774 2437 =

149 2489 197 2525 eum
210 2472 287 2535 jainai>
296 2469 466 2534 aliquotempure
481 2484 567 2534 operam
579 2485 650 2522 ,ruenni
660 2474 760 2522 culloeaa

149 2539 192 2593 sent
198 2576 205 2600 ‚
216 2537 281 2590 ristnn
286 2534 317 2586 est
323 2536 351 2587 de
359 2537 455 2588 hoenreo
462 2538 531 2588 labore
541 2536 646 2604 aliqtrirl'in
655 2538 761 2605 publicana

714 2621 764 2670 ss‘lr
