1692 3107
198 216 623 281 nnnoxnxtonns,
671 227 716 286 ιτς

109 443 719 469 ··,-------------·----ιυ

132 556 306 626 oneum
333 554 696 630 nnonnomult

144 755 163 791 a.
180 726 336 807 Incipimt'hoc
348 745 453 788 commate
465 726 608 804 pulcherrima
617 742 722 792 Senem.

37 822 38 826 ’
113 808 140 858 tis
157 809 288 874 descriptio)
315 806 352 855 sub
372 808 475 856 continua
489 806 642 870 Allegoriarnm
653 809 722 871 serie,

113 876 259 938 tanquamlob
273 875 400 928 involucro,
416 875 488 923 latens.
505 875 578 935 Atque
588 875 624 924 bas
634 877 723 940 quidem

114 939 232 1005 bilegorias
242 938 385 1003 multipotant
394 938 419 986 ad
427 938 483 987 idem
492 953 558 1004 genus
568 940 674 1005 pertinere
679 976 688 1003 ,
699 952 724 990 ut

114 1006 350 1070 Anatom-icapartiom,
362 1005 535 1068 persenebiutem
543 1007 649 1065 paullatim
659 1009 724 1056 colla·

114 1071 223 1131 bantium,
234 1069 348 1133 descriptio
353 1069 379 1118 iis
389 1069 534 1120 contineatur:
543 1071 613 1135 inqua
622 1070 727 1121 sententia

115 1140 236 1194 exornanda
252 1137 311 1187 multi
325 1151 367 1184 non
384 1136 429 1184 fine
442 1136 506 1183 laudo
523 1138 651 1190 laborarunt.
683 1137 726 1188 Sed

116 1219 170 1252 veto
185 1203 272 1268 egregie
282 1202 416 1249 observatum
427 1201 459 1247 est
469 1202 495 1248 ab
508 1201 537 1253 ll.
551 1205 725 1263 chnxe'tm
784 1260 785 1263 Ἴ

116 1269 172 1317 hane
186 1270 299 1317 tenebatis
306 1265 469 1329 descriptionem
481 1268 591 1317 Poeticam
602 1270 658 1332 effe,
673 1272 728 1319 Po'e'·

117 1336 164 1383 sens
177 1348 246 1382 autem
257 1334 359 1380 rationem
375 1347 417 1378 non
428 1331 498 1390 ferre,
514 1346 538 1380 ut
551 1350 584 1380 res
594 1348 693 1384 accurate
701 1351 728 1383 ac

118 1401 231 1450 secundum
241 1397 354 1446 veritatem
365 1395 512 1458 detineantur,
527 1398 563 1448 sed
574 1412 599 1448 ut
609 1400 729 1464 depingan-

118 1479 153 1515 tm
164 1465 277 1524 secundum
288 1463 393 1512 tationem
404 1463 488 1512 externi
497 1480 567 1516 earum
579 1466 675 1527 babitus,
683 1482 728 1531 quo

118 1533 209 1582 senlibus
222 1530 298 1580 nostris
307 1529 398 1578 maxime
408 1530 557 1591 obversantur3
573 1533 639 1597 igitur
649 1550 661 1582 a
673 1535 729 1583 Po'e'-

119 1612 142 1648 ta
152 1615 195 1647 non
207 1596 318 1662 postulari,
327 1609 351 1643 ut
362 1594 432 1643 causas
440 1595 590 1647 imbecillitatis
599 1598 667 1647 senilis
677 1614 727 1648 ana-

121 1667 201 1714 tomice
211 1664 442 1727 persequatut‚uerum
454 1675 477 1710 ut
488 1663 617 1714 senebiutem
628 1664 731 1729 depingat

121 1731 249 1780 exabilsime
263 1730 405 1787 adnuntiem,
423 1742 511 1792 eamque
524 1730 590 1778 oculis
602 1729 680 1778 nostris
692 1744 731 1780 ve·

120 1798 162 1846 loti
175 1796 301 1860 praesentem
311 1792 373 1842 sistat.
405 1794 510 1843 Praeterea
521 1796 596 1844 nullam
612 1796 658 1844 fere
672 1798 733 1845 Ana-

123 1863 213 1911 tomices
224 1862 368 1923 cognitionem
378 1860 514 1907 Salomonem
524 1860 627 1921 babuille,
644 1876 693 1910 cum
705 1862 732 1910 li*

122 1938 186 1993 queat
202 1942 230 1976 ex
246 1925 327 1974 ratione
343 1922 426 1971 illorum
441 1936 575 1990 tempotum,
596 1939 643 1977 tmn
653 1927 733 1993 {colligi

123 2009 207 2059 quoque
221 1991 291 2055 potest
305 2006 331 2038 ex
345 1989 392 2052 Cap.
405 1991 447 2039 nt:
463 2007 484 2050 5.
501 1993 550 2040 Hac
561 1994 617 2042 enim
634 1995 733 2046 dobirina

123 2059 161 2109 nib
172 2057 280 2117 annullet,
295 2054 396 2118 moletto
408 2072 452 2107 non
464 2057 593 2121 ignotaffet,
608 2059 677 2123 attollo
686 2058 732 2122 fiat

123 2123 163 2189 effu
178 2126 199 2172 in
213 2133 267 2171 utero
279 2123 412 2187 praegnantis.

156 2201 257 2267 Equidem
268 2216 311 2248 non
323 2200 457 2265 putaverim,
472 2199 507 2249 his
518 2201 656 2252 commatibus
665 2216 732 2253 tinam

125 2269 229 2317 duntaxat
243 2267 372 2327 Allegotiam
385 2304 391 2326 ,
406 2266 440 2315 sed
453 2266 610 2327 continuatam,
627 2267 730 2332 reperiri,

124 2334 276 2395 vetumplures
292 2344 355 2396 atque
368 2348 396 2381 ex
410 2331 538 2381 diversarum
551 2348 622 2383 rerum
636 2334 732 2383 similitu-

126 2401 177 2449 dine
188 2399 266 2449 dubias.
288 2396 343 2466 Quae
359 2397 461 2447 sententia
474 2398 502 2445 ob
516 2397 669 2462 interpretandi
684 2399 732 2448 sim·

126 2467 243 2532 plicitatem
255 2465 307 2514 mibi
317 2466 406 2514 maxime
417 2464 529 2513 arridebat.
545 2467 668 2517 Secundum
678 2466 732 2515 hano

127 2533 192 2596 igitur
209 2532 360 2596 praecipuarum
378 2528 492 2581 diblionum
510 2530 591 2581 sensum
606 2532 732 2597 explicabo,

126 2598 162 2648 led
174 2598 282 2660 brevitet3
297 2598 390 2663 quippe,
407 2611 454 2646 cunt
465 2596 492 2647 ad
511 2596 576 2648 finem
592 2599 654 2662 hujus
664 2594 731 2645 libelli,

681 2674 734 2726 p503
