1692 3107
131 176 642 253 ivutssuutnatu

136 294 270 347 nino-melius
280 292 449 357 perspiceretur,
458 290 539 357 srplura
548 290 746 343 haberemusmoni-

139 375 222 421 menta,
233 377 260 410 en
269 358 344 423 quibus
349 358 375 407 de
381 359 517 422 Philosophia
525 359 578 408 illius
584 360 625 409 aeui
635 359 747 424 eonstaret.

171 429 244 491 Atque
255 425 302 475 lraec
316 424 427 475 difficultas
438 441 465 474 eu
481 426 548 490 nrajur
563 424 606 485 est,
625 442 668 492 quo
682 425 748 489 magis

141 493 206 543 ardua
219 492 251 543 ell
261 494 287 542 ad
299 493 427 543 tollendum:
445 492 537 557 superati
553 490 608 541 enim
623 507 667 542 non
677 490 749 557 potest

140 561 180 611 rifi
192 562 218 610 ab
229 577 271 621 eo,
286 559 353 624 quise
365 559 477 608 transferat
486 576 530 609 nun
541 573 621 608 tautum
632 559 653 608 in
666 558 748 609 dailo·
824 599 825 602 ,

140 629 168 678 ris
180 626 324 680 conditionem
339 643 364 676 ac
377 639 486 692 tempera,
506 626 542 676 sed
556 619 579 676 8:
593 627 613 675 in
631 626 676 691 ejus
689 625 755 689 cogin>

140 694 200 743 tandi
209 694 321 742 rationem.
349 693 388 741 ¹De
398 693 429 740 his
439 705 510 741 autem
521 708 569 740 cum
581 693 663 741 diuersa
678 693 748 754 passim
822 747 823 752 ¹

140 759 181 809 fint
191 759 301 808 homiuum
310 756 398 821 judicia,
406 757 749 821 atquemagisetiamdiscrepent‚

141 842 190 892 qure
203 841 231 874 ex
239 823 312 873 iisdem
325 822 410 887 judiciis
426 824 561 872 deducuntur
575 823 678 888 sequelae,
699 822 750 871 inde

142 891 228 959 quidem
244 888 395 940 sententiatum
415 889 482 939 uritur
501 889 554 939 haud
576 888 637 939 facile
662 899 750 955 cumpo·

142 957 341 1012 uendalludluatio.
813 1015 814 1018 Ἴ

175 1029 221 1092 Jam
232 1041 259 1073 en
273 1025 316 1072 lroc
330 1035 372 1071 tam
383 1023 484 1086 singulari
496 1022 603 1071 scribendi
624 1038 701 1086 genere
713 1023 750 1071 de·

141 1093 205 1144 tivari
219 1092 283 1143 debet
301 1090 418 1139 obscuritas
432 1088 588 1148 armamenti&
609 1090 701 1150 consilii,
722 1089 751 1141 ita

141 1171 167 1208 ut
183 1157 245 1207 multi
262 1157 336 1220 passim
358 1156 523 1221 disputaverint,
544 1154 599 1203 srtne
617 1170 681 1204 utrum
700 1156 751 1205 illud

143 1225 267 1283 consilium,
283 1238 308 1272 an
320 1223 431 1286 multiplex
444 1222 468 1271 ἃ
480 1223 574 1281 attritum
596 1226 699 1286 praeterea
714 1223 751 1287 qui

146 1294 169 1343 in
186 1292 288 1340 alterutra
309 1289 411 1353 opinione
436 1289 592 1349 consentiunt,
618 1302 688 1337 tanen
706 1305 751 1339 nun

141 1360 201 1408 idem
213 1355 319 1423 judicium
333 1356 433 1415 tulerint,
444 1352 495 1404 live
510 1355 537 1402 de
551 1355 642 1420 generali
652 1356 687 1403 illo
700 1372 751 1406 cou-

141 1423 201 1480 filio,
218 1423 263 1468 five
276 1423 303 1465 de
313 1421 441 1470 diuersarum
453 1421 544 1483 partium
557 1421 700 1484 dispositione,

96 1515 98 1518 >
173 1488 235 1536 Hine
252 1485 318 1548 igitur
336 1500 389 1534 ortae
405 1488 494 1534 diuersae
509 1487 651 1549 interpretem
672 1488 751 1552 Hypo-1

145 1552 216 1604 theses
236 1551 375 1599 uehementer
394 1564 499 1599 auxerunt
521 1551 667 1602 difficultatem
686 1553 753 1616 eupli·

146 1619 220 1670 cundi:
242 1615 344 1680 siquidem
358 1633 396 1679 per
411 1615 465 1665 hane
485 1616 626 1665 diversitatem
641 1618 755 1668 sententia·

145 1702 206 1745 rum,
223 1699 310 1748 quarum
326 1683 341 1731 sr
360 1683 413 1741 ulla,
430 1694 488 1729 certe
508 1697 549 1729 una
565 1682 682 1742 duntaxat,
704 1699 754 1733 uera

146 1753 189 1802 esse
199 1748 283 1813 potest,
298 1748 348 1797 nilril
364 1748 418 1797 aliud
436 1747 535 1797 effetlum
546 1748 592 1806 est,
606 1765 667 1813 qttaru
684 1763 707 1799 ut
715 1750 754 1799 im·

145 1817 259 1885 peritiores
273 1815 339 1863 veluti
355 1813 461 1876 vertigine
481 1814 568 1877 quadam
589 1815 753 1879 circumageren.

141 1887 195 1945 tur,
212 1880 426 1946 tottiorunrempus
445 1879 515 1928 inutili
530 1881 692 1930 examinationis
703 1897 754 1947 ope·

146 1968 169 2001 ra
183 1950 314 2012 perderetur.

177 2014 219 2064 Uti
231 2028 302 2061 autern
320 2023 469 2074 argumentum
488 2023 531 2060 tam
548 2012 655 2077 peculiare
673 2011 755 2063 insultu

148 2080 324 2143 tiuspollulalrat
341 2078 446 2126 scribendi
466 2095 549 2142 genus,
575 2082 605 2128 ita
623 2093 686 2144 auget
700 2080 756 2130 hanc

148 2148 306 2203 difficultatem,
323 2145 379 2210 quod
394 2160 437 2192 non
453 2144 508 2193 idem
521 2146 553 2193 ert
569 2161 608 2209 per
622 2159 693 2194 totum
709 2145 756 2196 libri

150 2213 285 2276 curnpleaum
295 2211 341 2274 llyli
353 2212 413 2261 color
424 2227 448 2259 ac
460 2212 526 2271 tutin,
542 2212 576 2261 sed
591 2229 653 2277 quam
663 2212 756 2262 manime

149 2279 243 2328 diversus
253 2276 339 2324 diuersis
350 2277 370 2326 in
380 2277 448 2336 luei33
465 2294 508 2341 qun
517 2279 555 2336 fit,
567 2291 590 2324 ut
602 2293 670 2341 neque
677 2280 723 2327 loca
735 2279 757 2326 se
804 2304 806 2315 v

149 2358 223 2395 mutuo
234 2341 351 2403 illustrent,
366 2358 435 2408 neque
445 2343 524 2391 eadem
534 2341 687 2407 interpretandi
696 2359 758 2409 regu-

152 2414 178 2463 lae
196 2424 233 2459 aut
248 2409 406 2460 obseruationes
422 2408 530 2473 generales
544 2409 628 2457 valeant
642 2409 725 2474 ubique.

183 2479 210 2527 Et
223 2477 282 2539 liujus
293 2475 377 2540 quidem
388 2476 419 2523 rei
430 2476 484 2524 ratio
493 2474 514 2521 in
525 2491 553 2522 eo
563 2474 630 2539 pofita
644 2474 693 2534 est‚,
701 2477 758 2541 quod

151 2544 174 2601 in
187 2542 262 2608 infigrti
275 2557 345 2592 rerum
363 2543 425 2608 copia
442 2540 570 2593 incredibilis
586 2541 613 2590 lit
631 2547 702 2592 earum
721 2559 757 2591 va·

165 2627 167 2630 ·
420 2626 432 2634 “’
717 2624 757 2661 tte·
